<?xml version="1.0" encoding="UTF-8"?><collection xmlns="http://www.loc.gov/MARC21/slim"><record><leader>00440nam--2200145-i-4500</leader><controlfield tag="001">000024489</controlfield><controlfield tag="002">20161230</controlfield><controlfield tag="005">20161230201035</controlfield><controlfield tag="008">060222s1000------------r-----000-0-eng-d</controlfield><datafield ind1=" " ind2=" " tag="080"><subfield code="a">621.039.516(043)</subfield></datafield><datafield ind1=" " ind2=" " tag="100"><subfield code="a">Hassini, Ahmed</subfield></datafield><datafield ind1=" " ind2=" " tag="245"><subfield code="a">Etablissement de biblioteques a contre- reactions pour le suivi du ler cycle du reacteur fessenheim. these</subfield></datafield><datafield ind1=" " ind2=" " tag="260"><subfield code="a">Orasy, Universite De Paris-sud, 1982. 169 P</subfield></datafield><datafield ind1=" " ind2=" " tag="490"><subfield code="a">These</subfield></datafield><datafield ind1=" " ind2=" " tag="852"><subfield code="a">71799</subfield></datafield></record></collection>